%% This BibTeX bibliography file was created using BibDesk.
%% http://bibdesk.sourceforge.net/

%% Created for Frederik Lykke Pedersen at 2016-05-26 14:56:00 +0200 


%% Saved with string encoding Unicode (UTF-8) 


@misc{rentvand,
	Author = {{Sarah Omø Nielsen og Michael Tarby}},
	Howpublished = {http://www.insatech.com/downloads/M%C3%A5ling_af_ledningsevne_i_rent_og_ultrarent_vand_Sarah_Om%C3%B8_Nielsen_og_Michael_Tarby_Insatech.pdf }},
	Note = {[Sidst set 2017-11-8]},
	Title = {{Måling_af_ledningsevne_i_rent_og_ultrarent_vand afInsatech}},
	Year = {ukendt}}






%@webpage{regol,
	%Author = {{Regol}},
	%Howpublished = {\url{https://www.rigolna.com/products/digital-oscilloscopes/ds1000e/ds1052e/}},
	%Note = {[Sidst set 2016-05-26]},
	%Title = {{REGOL 1050E}},
	%Year = {2016}}

%@manual{I2C_manual,
	%Authur = {{Cypress}},
	%Date-Modified = {2016-05-26 12:55:56 +0000},
	%Edition = {{Rev. 3.5}},
	%Month = {{Nov}},
	%Title = {{I2C_v3_50}},
	%Year = {2015}}


%@webpage{Kalman,
%	Date-Added = {2016-05-26 12:03:32 +0000},
%	Date-Modified = {2016-05-26 12:06:56 +0000},
%	Lastchecked = {26/9/2016},
%	Month = {{jan}},
%	Title = {{Kalman filter video}},
%	Url = {https://www.youtube.com/watch?v=18TKA-YWhX0},
%	Year = {2014},
%	Bdsk-Url-1 = {https://www.youtube.com/watch?v=18TKA-YWhX0}}


%@manual{PSoC5LP,
%	Author = {{Cypress Semiconductors}},
%	Date-Added = {2016-05-24 18:09:30 +0000},
%	Date-Modified = {2016-05-24 18:12:47 +0000},
%	Edition = {{Rev. J}},
%	Month = {{November}},
%	Title = {{PSoC{\textregistered} 5LP: CY8C58LP Family Datasheet}},
%	Year = {2015}}


